@inproceedings{Stallkamp-IJCNN-2011,
    author = {Johannes Stallkamp and Marc Schlipsing and Jan Salmen and Christian Igel},
    booktitle = {IEEE International Joint Conference on Neural Networks},
    title = {The {G}erman {T}raffic {S}ign {R}ecognition {B}enchmark: A multi-class classification competition},
    year = {2011},
    pages = {1453--1460}
}

@InProceedings{pmlr-v15-glorot11a,
  title = 	 {Deep Sparse Rectifier Neural Networks},
  author = 	 {Xavier Glorot and Antoine Bordes and Yoshua Bengio},
  booktitle = 	 {Proceedings of the Fourteenth International Conference on Artificial Intelligence and Statistics},
  pages = 	 {315--323},
  year = 	 {2011},
  editor = 	 {Geoffrey Gordon and David Dunson and Miroslav Dudík},
  volume = 	 {15},
  series = 	 {Proceedings of Machine Learning Research},
  address = 	 {Fort Lauderdale, FL, USA},
  month = 	 {11--13 Apr},
  publisher = 	 {PMLR},
  pdf = 	 {http://proceedings.mlr.press/v15/glorot11a/glorot11a.pdf},
  url = 	 {http://proceedings.mlr.press/v15/glorot11a.html}
}

@article{DBLP:journals/nature/LeCunBH15,
  author    = {Yann LeCun and
               Yoshua Bengio and
               Geoffrey E. Hinton},
  title     = {Deep learning},
  journal   = {Nature},
  volume    = {521},
  number    = {7553},
  pages     = {436--444},
  year      = {2015},
  url       = {https://doi.org/10.1038/nature14539},
  doi       = {10.1038/nature14539},
  timestamp = {Sat, 20 May 2017 01:00:00 +0200},
  biburl    = {https://dblp.org/rec/bib/journals/nature/LeCunBH15},
  bibsource = {dblp computer science bibliography, https://dblp.org}
}

@article{cs231n,
	title= {CS231n: Convolutional Neural Networks for Visual Recognition 2016},
	author= {Fei-Fei Li and Andrej Karpathy and Justin Johnson},
	year= {2016},
	url= {http://cs231n.stanford.edu/},
}

@article{cifar-100,
title= {CIFAR-100 (Canadian Institute for Advanced Research)},
journal= {},
author= {Alex Krizhevsky and Vinod Nair and Geoffrey Hinton},
year= {},
url= {http://www.cs.toronto.edu/~kriz/cifar.html},
keywords= {Dataset},
terms= {}
}

@article{adversarial,
  author    = {Anish Athalye and
               Logan Engstrom and
               Andrew Ilyas and
               Kevin Kwok},
  title     = {Synthesizing Robust Adversarial Examples},
  journal   = {CoRR},
  volume    = {abs/1707.07397},
  year      = {2017},
  url       = {http://arxiv.org/abs/1707.07397},
  archivePrefix = {arXiv},
  eprint    = {1707.07397},
  timestamp = {Tue, 31 Oct 2017 11:47:03 +0100},
  biburl    = {https://dblp.org/rec/bib/journals/corr/AthalyeS17},
  bibsource = {dblp computer science bibliography, https://dblp.org}
}

@INPROCEEDINGS{Lecun98gradient-basedlearning,
    author = {Yann Lecun and Léon Bottou and Yoshua Bengio and Patrick Haffner},
    title = {Gradient-based learning applied to document recognition},
    booktitle = {Proceedings of the IEEE},
    year = {1998},
    pages = {2278--2324}
}

@inproceedings{Ciresan:2011:FHP:2283516.2283603,
 author = {Cire\c{s}an, Dan C. and Meier, Ueli and Masci, Jonathan and Gambardella, Luca M. and Schmidhuber, J\"{u}rgen},
 title = {Flexible, High Performance Convolutional Neural Networks for Image Classification},
 booktitle = {Proceedings of the Twenty-Second International Joint Conference on Artificial Intelligence - Volume Volume Two},
 series = {IJCAI'11},
 year = {2011},
 isbn = {978-1-57735-514-4},
 location = {Barcelona, Catalonia, Spain},
 pages = {1237--1242},
 numpages = {6},
 url = {http://dx.doi.org/10.5591/978-1-57735-516-8/IJCAI11-210},
 doi = {10.5591/978-1-57735-516-8/IJCAI11-210},
 acmid = {2283603},
 publisher = {AAAI Press},
} 

@misc{chollet2015keras,
  title={Keras},
  author={Chollet, Fran\c{c}ois and others},
  year={2015},
  howpublished={\url{https://keras.io}},
}

@incollection{NIPS2012_4824,
title = {ImageNet Classification with Deep Convolutional Neural Networks},
author = {Alex Krizhevsky and Sutskever, Ilya and Hinton, Geoffrey E},
booktitle = {Advances in Neural Information Processing Systems 25},
editor = {F. Pereira and C. J. C. Burges and L. Bottou and K. Q. Weinberger},
pages = {1097--1105},
year = {2012},
publisher = {Curran Associates, Inc.},
url = {http://papers.nips.cc/paper/4824-imagenet-classification-with-deep-convolutional-neural-networks.pdf}
}

@article{Srivastava:2014:DSW:2627435.2670313,
 author = {Srivastava, Nitish and Hinton, Geoffrey and Krizhevsky, Alex and Sutskever, Ilya and Salakhutdinov, Ruslan},
 title = {Dropout: A Simple Way to Prevent Neural Networks from Overfitting},
 journal = {J. Mach. Learn. Res.},
 issue_date = {January 2014},
 volume = {15},
 number = {1},
 month = jan,
 year = {2014},
 issn = {1532-4435},
 pages = {1929--1958},
 numpages = {30},
 url = {http://dl.acm.org/citation.cfm?id=2627435.2670313},
 acmid = {2670313},
 publisher = {JMLR.org},
 keywords = {deep learning, model combination, neural networks, regularization},
} 

@article{DBLP:journals/corr/abs-1804-02767,
  author    = {Joseph Redmon and
               Ali Farhadi},
  title     = {YOLOv3: An Incremental Improvement},
  journal   = {CoRR},
  volume    = {abs/1804.02767},
  year      = {2018},
  url       = {http://arxiv.org/abs/1804.02767},
  archivePrefix = {arXiv},
  eprint    = {1804.02767},
  timestamp = {Tue, 01 May 2018 19:46:29 +0200},
  biburl    = {https://dblp.org/rec/bib/journals/corr/abs-1804-02767},
  bibsource = {dblp computer science bibliography, https://dblp.org}
}

@misc{
yamada2018shakedrop,
title={ShakeDrop regularization},
author={Yoshihiro Yamada and Masakazu Iwamura and Koichi Kise},
year={2018},
url={https://openreview.net/forum?id=S1NHaMW0b},
}

